@misc{info_theme_cmp_prices,
	title="25 приложений и веб-сайтов для сравнения цен с лучшими предложениями [Электронный ресурс].",
	howpublished="Режим доступа: \url{https://www.shopify.com/blog/7068398-10-best-comparison-shopping-engines-to-increase-ecommerce-sales} (дата обращения: 02.04.2024)."
}

@misc{info_cmp_prices,
	title="Сервисы сравнения цен: как они работают и почему они полезны для потребителей [Электронный ресурс].",
	howpublished="Режим доступа: \url{http://istoki.tv/news/company/servisy-sravneniya-tsen-kak-oni-rabotayut-i-pochemu-oni-polezny-dlya-potrebiteley/} (дата обращения: 02.04.2024)."
}

@misc{info_stat_cmp_prices,
	title="Price.ru: популярность сервиса для сравнения цен и товаров выросла на 50 процентов [Электронный ресурс].",
	howpublished="Режим доступа: \url{https://www.novostiitkanala.ru/news/detail.php?ID=160679} (дата обращения: 02.04.2024)."
}

@misc{info_stock,
	title="Стимулирование продаж [Электронный ресурс].",
	howpublished="Режим доступа: \url{https://dgpu-journals.ru/wp-content/uploads/2019/12/semahin.pdf} (дата обращения: 02.04.2024)."
}

@misc{info_supply_chain,
	title="Моделирование цепи поставок в условиях колебаний спроса [Электронный ресурс].",
	howpublished="Режим доступа: \url{http://www.salogistics.ru/magazine/19/9_andronov_52-63.pdf} (дата обращения: 02.04.2024)."
}


@misc{info_promotion1,
	title="Типы акций в рознице и как на них заработать [Электронный ресурс].",
	howpublished="Режим доступа: \url{https://kub-24.ru/2021/07/20/tipy-aktsij-v-roznitse-i-kak-na-nih-zarabotat/} (дата обращения: 09.04.2024)."
}

@misc{info_promotion2,
	title="Лучшие идеи для акций в розничном магазине [Электронный ресурс].",
	howpublished="Режим доступа: \url{https://www.ekam.ru/blogs/pos/aktsii-v-roznichnom-magazine} (дата обращения: 09.04.2024)."
}

@misc{info_rosstat,
	title="Что такое Росстат [Электронный ресурс].",
	howpublished="Режим доступа: \url{https://rosstat.gov.ru/mission} (дата обращения: 23.03.2024)."
}

@misc{info_essential_goods,
	title="Товары первой необходимости [Электронный ресурс].",
	howpublished="Режим доступа: \url{https://www.law.ru/article/22076-tovary-pervoy-neobhodimosti}(дата обращения: 01.04.2024)."
}

@misc{info_essential_goods2,
	title="Постановление Правительства РФ от 15 июля 2010 г. N 530 [Электронный ресурс].",
	howpublished="Режим доступа: 
	\url{https://base.garant.ru/12177401/}(дата обращения: 01.04.2024)."
}

@misc{info_mercury,
	title="ФГИС <<Меркурий>> [Электронный ресурс].",
	howpublished="Режим доступа: 
	\url{https://www.vetrf.ru/vetrf/materials/} (дата обращения: 23.03.2024)."
}

@misc{info_mercury2,
	title="Федеральная государственная информационная система (ФГИС) <<Меркурий>> как решение проблемы прослеживаемой продукции [Электронный ресурс].",
	howpublished="Режим доступа: 
	\url{https://cyberleninka.ru/article/n/federalnaya-gosudarstvennaya-informatsionnaya-sistema-fgis-merkuriy-kak-reshenie-problemy-proslezhivaemosti-produktsii/viewer} (дата обращения: 23.03.2024)."
}

@misc{info_certificates,
	title="Подтверждение соответствия пищевой продукции [Электронный ресурс].",
	howpublished="Режим доступа: 
	\url{https://www.gostest.com/pishchevaya-produktsiya/} (дата обращения: 09.04.2024)."
}


@misc{info_edadil,
	title="Едадил [Электронный ресурс].",
	howpublished="Режим доступа: 
	\url{https://edadeal.ru} (дата обращения: 01.04.2024)."
}

@misc{info_skidka_online,
	title="SkidkaOnline [Электронный ресурс].",
	howpublished="Режим доступа: 
	\url{https://skidkaonline.ru} (дата обращения: 01.04.2024)."
}

@misc{info_price_ru,
	title="Price.ru [Электронный ресурс].",
	howpublished="Режим доступа: 
	\url{https://price.ru} (дата обращения: 01.04.2024)."
}

@misc{info_post_db,
	title="Постреляционные СУБД [Электронный ресурс].",
	howpublished="Режим доступа: 
	\url{https://dit.isuct.ru/IVT/BOOKS/DBMS/DBMS14/ch_6_2.html} (дата обращения: 01.04.2024)."
}

@inbook{info_lections_db,
	author="Гаврилова Ю. М.",
	title="Курс лекций по дисциплине <<Базы данных>> ИУ7",
	publisher="МГТУ им. Н. Э. Баумана",
	language="russian",
	year=2023,
}

@inbook{info_inverted_lists,
	author="Карпова Т.С.",
	title="Базы данных: модели, разработка, реализация: Учебник для вузов.",
	publisher="СПб.: Питер",
	language="russian",
	year=2002,
	pages="304"
}

@inbook{info_intro_db_williams,
	author="Дейт К. Дж.",
	title="Введение в системы баз данных: 8-е издание",
	publisher="<<Вильямс>>",
	language="russian",
	year=2006,
	pages="1328"
}

@inbook{info_db_kuznecov,
	author="Кузнецов С. Д.",
	title="Основы современных баз данных",
	publisher="Центр Информационных Технологий",
	language="russian",
	year=1998,
	pages="251"
}

@inbook{info_db_sopchenko,
	author="Д.А. Попова-Коварцев, Е.В. Сопченко",
	title="Основы проектирования баз данных",
	publisher="Изд-во Самарского университета",
	language="russian",
	year=2019,
	pages="112"
}

@inbook{info_rest_api,
	author="Jim Webber, Savas Parastatidis, Ian Robinson",
	title="REST in Practice Hypermedia and Systems Architecture",
	publisher="O'Reilly Media, Incorporated",
	language="russian",
	year=2010,
	pages="446"
}

@misc{info_bpmn,
	title="Object Management Group Business Process Model and Notation [Электронный ресурс].",
	howpublished="Режим доступа: \url{https://www.bpmn.org/} (дата обращения: 04.04.2023)."
}

@misc{info_cmp_dbms,
	title="Анализ популярных реляционных систем управления базами данных (2022 г.) [Электронный ресурс].",
	howpublished="Режим доступа: \url{https://drach.pro/blog/hi-tech/item/196-popular-relational-dbms-2022} (дата обращения: 
	31.08.2024)."
}


@misc{info_go,
	title="Build simple, secure, scalable systems with Go [Электронный ресурс].",
	howpublished="Режим доступа: \url{https://go.dev/} (дата обращения: 31.08.2024)."
}

@misc{info_go_http_pkg,
	title="http [Электронный ресурс].",
	howpublished="Режим доступа: \url{https://pkg.go.dev/net/http} (дата обращения: 
	31.08.2024)."
}

@misc{info_go_sql_pkg,
	title="sql [Электронный ресурс].",
	howpublished="Режим доступа: \url{https://pkg.go.dev/database/sql} (дата обращения: 
	31.08.2024)."
}


@misc{info_cmp_go,
	title="В Google провели сравнение производительности C++, Java, Go и Scala [Электронный ресурс].",
	howpublished="Режим доступа: \url{https://www.opennet.ru/opennews/art.shtml?num=30784} (дата обращения: 31.08.2024)."
}

@misc{info_cmp_go_2,
	title="Сравнение производительности Golang | Почему GO Fast? [Электронный ресурс].",
	howpublished="Режим доступа: \url{https://www.golinuxcloud.com/golang-performance/} (дата обращения: 31.08.2024)."
}

@misc{info_GoLand_doc,
	title="Getting started | GoLand Documentation [Электронный ресурс].",
	howpublished="Режим доступа: \url{https://www.jetbrains.com/help/go/getting-started.html} (дата обращения: 31.08.2024)."
}


@misc{info_GoLand,
	title="oLand [Электронный ресурс].",
	howpublished="Режим доступа: \url{https://www.jetbrains.com/go/} (дата обращения: 31.08.2024)."
}

@misc{info_JetBrains,
	title="JetBrains [Электронный ресурс].",
	howpublished="Режим доступа: \url{https://ru.wikipedia.org/wiki/JetBrains} (дата обращения: 31.08.2024)."
}

@misc{info_Git,
	title="Git [Электронный ресурс].",
	howpublished="Режим доступа: \url{https://git-scm.com/} (дата обращения: 31.08.2024)."
}

@misc{info_Docker,
	title="Docker Docs [Электронный ресурс].",
	howpublished="Режим доступа: \url{https://docs.docker.com/} (дата обращения: 31.08.2024)."
}

@misc{info_unit_tests,
	title="Unit тестирование [Электронный ресурс].",
	howpublished="Режим доступа: \url{https://www.elibrary.ru/download/elibrary_46461181_32137124.pdf} (дата обращения: 31.08.2024)."
}

@misc{info_pgTAB,
	title="pgTAP [Электронный ресурс].",
	howpublished="Режим доступа: \url{https://pgtap.org/} (дата обращения: 31.08.2024)."
}

@misc{info_ms_windows_home,
	title="Microsoft Windows 10 Домашняя [Электронный ресурс].",
	howpublished="Режим доступа: \url{https://www.microsoft.com/ru-ru/software-download/windows10} (дата обращения: 31.08.2024)."
}

@misc{info_locust,
	title="What is Locust? [Электронный ресурс].",
	howpublished="Режим доступа: \url{https://docs.locust.io/en/stable/what-is-locust.html} (дата обращения: 31.08.2024)."
}

@misc{info_redis,
	title="Introduction to Redis [Электронный ресурс].",
	howpublished="Режим доступа: \url{https://master--redis-doc.netlify.app/docs/about/} (дата обращения: 31.08.2024)."
}